<?xml version="1.0" encoding="UTF-8"?>
<record xmlns="http://www.loc.gov/MARC21/slim" xmlns:zs="http://docs.oasis-open.org/ns/search-ws/sruResponse">
 <leader>
  05609cpcaa22007937i 4500
 </leader>
 <controlfield tag="001">
  18964748
 </controlfield>
 <controlfield tag="005">
  20240528085217.0
 </controlfield>
 <controlfield tag="007">
  st o|n|mb||n|e
 </controlfield>
 <controlfield tag="007">
  ss ||njl|||n|e
 </controlfield>
 <controlfield tag="007">
  vf cba|||
 </controlfield>
 <controlfield tag="008">
  160205i19592013cau                 eng
 </controlfield>
 <datafield ind1=" " ind2=" " tag="906">
  <subfield code="a">
   7
  </subfield>
  <subfield code="b">
   cbc
  </subfield>
  <subfield code="c">
   orignew
  </subfield>
  <subfield code="d">
   u
  </subfield>
  <subfield code="e">
   ncip
  </subfield>
  <subfield code="f">
   20
  </subfield>
  <subfield code="g">
   y-folklife
  </subfield>
 </datafield>
 <datafield ind1=" " ind2=" " tag="955">
  <subfield code="a">
   mkru 2016-02-05
  </subfield>
  <subfield code="a">
   mseg 2017-08-04
  </subfield>
  <subfield code="a">
   mseg 2017-09-24
  </subfield>
  <subfield code="a">
   mkru 2018-04-09
  </subfield>
  <subfield code="a">
   masmit 2023-04-06
  </subfield>
  <subfield code="a">
   masmit 2023-04-24
  </subfield>
  <subfield code="a">
   masmit 2023-06-01
  </subfield>
  <subfield code="a">
   mseg 2023-06-01
  </subfield>
  <subfield code="a">
   masmit 2023-06-02
  </subfield>
  <subfield code="a">
   mseg 2023-06-28
  </subfield>
  <subfield code="a">
   masmit 2023-06-29
  </subfield>
  <subfield code="a">
   masmit 2023-08-08
  </subfield>
  <subfield code="a">
   masmit 2024-04-01
  </subfield>
  <subfield code="a">
   masmit 2024-05-28
  </subfield>
 </datafield>
 <datafield ind1=" " ind2=" " tag="010">
  <subfield code="a">
   2016655230
  </subfield>
 </datafield>
 <datafield ind1=" " ind2=" " tag="040">
  <subfield code="a">
   DLC
  </subfield>
  <subfield code="b">
   eng
  </subfield>
  <subfield code="e">
   dacs
  </subfield>
  <subfield code="c">
   DLC
  </subfield>
  <subfield code="d">
   DLC
  </subfield>
  <subfield code="d">
   DLC
  </subfield>
 </datafield>
 <datafield ind1="0" ind2=" " tag="041">
  <subfield code="a">
   eng
  </subfield>
  <subfield code="d">
   eng
  </subfield>
  <subfield code="d">
   jpn
  </subfield>
 </datafield>
 <datafield ind1=" " ind2=" " tag="043">
  <subfield code="a">
   n-us-ca
  </subfield>
  <subfield code="a">
   a-ja---
  </subfield>
 </datafield>
 <datafield ind1=" " ind2=" " tag="090">
  <subfield code="a">
   RXJ 0530-0539 (sound tape reels); RYP 7388-7393 (sound cassettes); VAS 4719-4720 (VHS)
  </subfield>
 </datafield>
 <datafield ind1=" " ind2=" " tag="090">
  <subfield code="a">
   AFC 2011/011
  </subfield>
 </datafield>
 <datafield ind1="0" ind2="0" tag="245">
  <subfield code="a">
   Redwood Canyon Ramblers collection,
  </subfield>
  <subfield code="f">
   1959-2013.
  </subfield>
 </datafield>
 <datafield ind1=" " ind2=" " tag="300">
  <subfield code="3">
   whole collection
  </subfield>
  <subfield code="a">
   approximately 3,134
  </subfield>
  <subfield code="f">
   items
  </subfield>
 </datafield>
 <datafield ind1=" " ind2=" " tag="300">
  <subfield code="3">
   sound recordings
  </subfield>
  <subfield code="a">
   9 sound tape reels :
  </subfield>
  <subfield code="b">
   analog, 7 1/2 ips 2 track ;
  </subfield>
  <subfield code="c">
   7 in.
  </subfield>
 </datafield>
 <datafield ind1=" " ind2=" " tag="300">
  <subfield code="3">
   sound recordings
  </subfield>
  <subfield code="a">
   1 sound tape reel :
  </subfield>
  <subfield code="b">
   analog ;
  </subfield>
  <subfield code="c">
   5 in.
  </subfield>
 </datafield>
 <datafield ind1=" " ind2=" " tag="300">
  <subfield code="3">
   sound recordings
  </subfield>
  <subfield code="a">
   6 sound cassettes :
  </subfield>
  <subfield code="b">
   analog
  </subfield>
 </datafield>
 <datafield ind1=" " ind2=" " tag="300">
  <subfield code="3">
   sound recordings
  </subfield>
  <subfield code="a">
   2843 sound files (AIF, MP3, WAV) :
  </subfield>
  <subfield code="b">
   digital
  </subfield>
 </datafield>
 <datafield ind1=" " ind2=" " tag="300">
  <subfield code="3">
   moving images
  </subfield>
  <subfield code="a">
   2 videocassettes (VHS) :
  </subfield>
  <subfield code="b">
   sound, color ;
  </subfield>
  <subfield code="c">
   1/2 in.
  </subfield>
 </datafield>
 <datafield ind1=" " ind2=" " tag="300">
  <subfield code="3">
   moving images
  </subfield>
  <subfield code="a">
   10 video files (IMG, MOV) :
  </subfield>
  <subfield code="b">
   digital
  </subfield>
 </datafield>
 <datafield ind1=" " ind2=" " tag="300">
  <subfield code="3">
   graphic materials
  </subfield>
  <subfield code="a">
   52 photographs :
  </subfield>
  <subfield code="b">
   digital, BMP, JPG, TXT
  </subfield>
 </datafield>
 <datafield ind1=" " ind2=" " tag="300">
  <subfield code="3">
   manuscripts
  </subfield>
  <subfield code="a">
   161 text files (DOC, JPG, PDF, TXT) :
  </subfield>
  <subfield code="b">
   digital
  </subfield>
 </datafield>
 <datafield ind1=" " ind2=" " tag="300">
  <subfield code="3">
   manuscripts
  </subfield>
  <subfield code="a">
   approximately 50
  </subfield>
  <subfield code="f">
   sheets
  </subfield>
 </datafield>
 <datafield ind1="0" ind2=" " tag="511">
  <subfield code="a">
   Performers on various recordings include Mayne Smith, guitar, dobro, and lead vocals; Scott Hambly, mandolin, vocals; Pete Berg, guitar, fiddle, vocals; Betty Aycrigg, bass, vocals; Sandy Rothman, guitar, dobro; Leroy McNees, dobro; Neil Rosenberg, banjo guitar, and baritone vocals; Ed Neff, mandolin, fiddle, and tenor vocals; Julie Smolin, fiddle; Larry Cohea, bass; Tom Glass, bass; Hiroyuki Momiyama, bass and fiddle; and Toru Mitsui, speaker; and others including Tom Bebring, vocals; Carroll County Country Boys; Steve Pottier, bass; and others.
  </subfield>
 </datafield>
 <datafield ind1=" " ind2=" " tag="518">
  <subfield code="a">
   Original analog recordings made at various locations including KPFA and KRE Studios, Berkeley, California; homes of the band members; Los Angeles, California; and Hamamatsu, Japan by various band members.
  </subfield>
 </datafield>
 <datafield ind1=" " ind2=" " tag="520">
  <subfield code="a">
   Collection of audio and video studio recordings, demo/audition tapes, live recordings at various clubs, coffeehouses, and auditoriums; jam sessions; and radio programs featuring the Redwood Canyon Ramblers, including a show from Radio Kansai, Kobe, Hyogo, Japan (1991).
  </subfield>
 </datafield>
 <datafield ind1="8" ind2=" " tag="524">
  <subfield code="a">
   Redwood Canyon Ramblers collection (AFC 2011/011), American Folklife Center, Library of Congress, Washington, D.C.
  </subfield>
 </datafield>
 <datafield ind1="0" ind2=" " tag="506">
  <subfield code="a">
   Collection is open for research. To request materials, please contact the Folklife Reading Room at
  </subfield>
  <subfield code="u">
   https://hdl.loc.gov/loc.afc/folklife.contact
  </subfield>
 </datafield>
 <datafield ind1=" " ind2=" " tag="540">
  <subfield code="a">
   Duplication of collection materials may be governed by copyright and other restrictions.
  </subfield>
 </datafield>
 <datafield ind1=" " ind2=" " tag="530">
  <subfield code="a">
   Some digital transfers from original analog audio reels and cassettes, made 2010-2011 by Brian Miksis (donor) submitted on 5 DVD-R discs.
  </subfield>
 </datafield>
 <datafield ind1=" " ind2=" " tag="541">
  <subfield code="a">
   Neil Rosenberg; Brian Miksis; Mayne Smith;
  </subfield>
  <subfield code="c">
   Donation;
  </subfield>
  <subfield code="d">
   2011, 2014.
  </subfield>
 </datafield>
 <datafield ind1=" " ind2=" " tag="545">
  <subfield code="a">
   The Redwood Canyon Ramblers formed in Berkeley, California during the summer of 1959. Neil Rosenberg and Mayne Smith, returning from Oberlin College, teamed up with Scott Hambly and Pete Berg. Betty Acyrigg was also hired to play when Mayne Smith was unavailable. The following summer, Franklin Miller, also an Oberlin student, joined to play fiddle, and Tom Glass joined as bass player. They promoted themselves as "The Bay Area's First and Only Genuine Bluegrass Band." A few other variations of the band performed through 1963. The Redwood Canyon Ramblers re-formed in 1991 for reunion concerts in Japan, with Mayne Smith, Neil Rosenberg, and Ed Neff making up the band. This led to additional reunion concerts in Berkeley in 1991 and 1993.
  </subfield>
 </datafield>
 <datafield ind1=" " ind2=" " tag="546">
  <subfield code="a">
   Collection material in English and Japanese.
  </subfield>
 </datafield>
 <datafield ind1="0" ind2=" " tag="555">
  <subfield code="a">
   Finding aid is available online
  </subfield>
  <subfield code="u">
   https://hdl.loc.gov/loc.afc/eadafc.af023001
  </subfield>
 </datafield>
 <datafield ind1=" " ind2="0" tag="650">
  <subfield code="a">
   Bluegrass music
  </subfield>
  <subfield code="z">
   California.
  </subfield>
 </datafield>
 <datafield ind1=" " ind2="0" tag="650">
  <subfield code="a">
   Bluegrass music
  </subfield>
  <subfield code="z">
   Japan.
  </subfield>
 </datafield>
 <datafield ind1=" " ind2="0" tag="650">
  <subfield code="a">
   Country music.
  </subfield>
 </datafield>
 <datafield ind1=" " ind2="7" tag="655">
  <subfield code="a">
   Country music radio programs.
  </subfield>
  <subfield code="2">
   lcgft
  </subfield>
 </datafield>
 <datafield ind1=" " ind2="7" tag="655">
  <subfield code="a">
   Digital photographs.
  </subfield>
  <subfield code="2">
   lcgft
  </subfield>
 </datafield>
 <datafield ind1=" " ind2="7" tag="655">
  <subfield code="a">
   Sound recordings.
  </subfield>
  <subfield code="2">
   lcgft
  </subfield>
 </datafield>
 <datafield ind1=" " ind2="7" tag="655">
  <subfield code="a">
   Video recordings.
  </subfield>
  <subfield code="2">
   lcgft
  </subfield>
 </datafield>
 <datafield ind1=" " ind2="7" tag="655">
  <subfield code="a">
   Manuscripts.
  </subfield>
  <subfield code="2">
   lcgft
  </subfield>
 </datafield>
 <datafield ind1="1" ind2=" " tag="700">
  <subfield code="a">
   Bebring, Tom,
  </subfield>
  <subfield code="e">
   performer.
  </subfield>
 </datafield>
 <datafield ind1="1" ind2=" " tag="700">
  <subfield code="a">
   Berg, Pete,
  </subfield>
  <subfield code="d">
   1940-
  </subfield>
  <subfield code="e">
   performer.
  </subfield>
 </datafield>
 <datafield ind1="1" ind2=" " tag="700">
  <subfield code="a">
   Berline, Byron,
  </subfield>
  <subfield code="e">
   performer.
  </subfield>
 </datafield>
 <datafield ind1="1" ind2=" " tag="700">
  <subfield code="a">
   Hambly, Scott,
  </subfield>
  <subfield code="e">
   performer.
  </subfield>
 </datafield>
 <datafield ind1="1" ind2=" " tag="700">
  <subfield code="a">
   Mitsui, Tōru,
  </subfield>
  <subfield code="d">
   1940-2023,
  </subfield>
  <subfield code="e">
   speaker.
  </subfield>
 </datafield>
 <datafield ind1="1" ind2=" " tag="700">
  <subfield code="a">
   Monroe, Bill,
  </subfield>
  <subfield code="d">
   1911-1996,
  </subfield>
  <subfield code="e">
   performer.
  </subfield>
 </datafield>
 <datafield ind1="1" ind2=" " tag="700">
  <subfield code="a">
   Neff, Ed,
  </subfield>
  <subfield code="d">
   1946-
  </subfield>
  <subfield code="e">
   performer.
  </subfield>
 </datafield>
 <datafield ind1="1" ind2=" " tag="700">
  <subfield code="a">
   Rosenberg, Neil V.,
  </subfield>
  <subfield code="e">
   collector,
  </subfield>
  <subfield code="e">
   performer.
  </subfield>
 </datafield>
 <datafield ind1="1" ind2=" " tag="700">
  <subfield code="a">
   Rothman, Sandy,
  </subfield>
  <subfield code="e">
   performer.
  </subfield>
 </datafield>
 <datafield ind1="1" ind2=" " tag="700">
  <subfield code="a">
   Smith, Mayne,
  </subfield>
  <subfield code="e">
   performer.
  </subfield>
 </datafield>
 <datafield ind1="2" ind2=" " tag="710">
  <subfield code="a">
   Blue Grass Boys,
  </subfield>
  <subfield code="e">
   performer.
  </subfield>
 </datafield>
 <datafield ind1="2" ind2=" " tag="710">
  <subfield code="a">
   Carroll County Country Boys,
  </subfield>
  <subfield code="e">
   performer.
  </subfield>
 </datafield>
 <datafield ind1="2" ind2=" " tag="710">
  <subfield code="a">
   Redwood Canyon Ramblers,
  </subfield>
  <subfield code="e">
   performer.
  </subfield>
 </datafield>
 <datafield ind1=" " ind2=" " tag="751">
  <subfield code="a">
   Los Angeles (Calif.),
  </subfield>
  <subfield code="e">
   event place.
  </subfield>
 </datafield>
 <datafield ind1=" " ind2=" " tag="751">
  <subfield code="a">
   Berkeley (Calif.),
  </subfield>
  <subfield code="e">
   event place.
  </subfield>
 </datafield>
 <datafield ind1=" " ind2=" " tag="751">
  <subfield code="a">
   Hamamatsu-shi (Japan),
  </subfield>
  <subfield code="e">
   event place.
  </subfield>
 </datafield>
 <datafield ind1=" " ind2=" " tag="852">
  <subfield code="a">
   Library of Congress
  </subfield>
  <subfield code="b">
   American Folklife Center,
  </subfield>
  <subfield code="e">
   101 Independence Ave. S.E., Washington, DC USA 20540-4610
  </subfield>
  <subfield code="u">
   https://hdl.loc.gov/loc.afc/folklife.home
  </subfield>
 </datafield>
 <datafield ind1="4" ind2="2" tag="856">
  <subfield code="3">
   Finding aid
  </subfield>
  <subfield code="u">
   https://hdl.loc.gov/loc.afc/eadafc.af023001
  </subfield>
 </datafield>
 <datafield ind1=" " ind2=" " tag="985">
  <subfield code="a">
   afc/coll
  </subfield>
 </datafield>
 <datafield ind1=" " ind2=" " tag="985">
  <subfield code="a">
   afc/ead
  </subfield>
 </datafield>
</record>
